@article{rosso2013characterization,
  title={Characterization of chaotic maps using the permutation Bandt-Pompe probability distribution},
  author={Rosso, Osvaldo A and Olivares, Felipe and Zunino, Luciano and De Micco, Luciana and Aquino, Andr{\'e} LL and Plastino, Angelo and Larrondo, Hilda A},
  journal={The European Physical Journal B},
  volume={86},
  number={4},
  pages={116},
  year={2013},
  publisher={Springer}
}

@article{traversaro2017empirical,
  title={An empirical evaluation of alternative methods of estimation for Permutation Entropy in time series with tied values},
  author={Traversaro, Francisco and Risk, Marcelo and Rosso, Osvaldo and Redelico, Francisco},
  journal={arXiv preprint arXiv:1707.01517},
  year={2017}
}

@article{traversaro2018bandt,
  title={Bandt-Pompe symbolization dynamics for time series with tied values: A data-driven approach},
  author={Traversaro, Francisco and Redelico, Francisco O and Risk, Marcelo R and Frery, Alejandro C and Rosso, Osvaldo A},
  journal={Chaos: An Interdisciplinary Journal of Nonlinear Science},
  volume={28},
  number={7},
  pages={075502},
  year={2018},
  publisher={AIP Publishing LLC}
}

@article{luque2009horizontal,
  title={Horizontal visibility graphs: Exact results for random time series},
  author={Luque, Bartolo and Lacasa, Lucas and Ballesteros, Fernando and Luque, Jordi},
  journal={Physical Review E},
  volume={80},
  number={4},
  pages={046103},
  year={2009},
  publisher={APS}
}

@article{traversaro2019comparing,
  title={Comparing different approaches to compute Permutation Entropy with coarse time series},
  author={Traversaro, Francisco and Ciarrocchi, Nicol{\'a}s and Cattaneo, Florencia Pollo and Redelico, Francisco},
  journal={Physica A: Statistical Mechanics and its Applications},
  volume={513},
  pages={635--643},
  year={2019},
  publisher={Elsevier}
}

@book{sprott2003chaos,
  title={Chaos and time-series analysis},
  author={Sprott, Julien Clinton and Sprott, Julien C},
  volume={69},
  year={2003},
  publisher={Citeseer}
}

@article{zunino2017permutation,
  title={Permutation entropy based time series analysis: Equalities in the input signal can lead to false conclusions},
  author={Zunino, Luciano and Olivares, Felipe and Scholkmann, Felix and Rosso, Osvaldo A},
  journal={Physics Letters A},
  volume={381},
  number={22},
  pages={1883--1892},
  year={2017},
  publisher={Elsevier}
}

@article{donoho1983notion,
  title={The notion of breakdown point},
  author={Donoho, David L and Huber, Peter J},
  journal={A festschrift for Erich L. Lehmann},
  volume={157184},
  year={1983},
  publisher={Belmont, Wadsworth}
}

@article{yohai1987high,
  title={High breakdown-point and high efficiency robust estimates for regression},
  author={Yohai, Victor J},
  journal={The Annals of Statistics},
  pages={642--656},
  year={1987},
  publisher={JSTOR}
}
